<?xml version="1.0" encoding="UTF-8"?><collection xmlns="http://www.loc.gov/MARC21/slim"><record><leader>00474nam--2200169-i-4500</leader><controlfield tag="001">000006369</controlfield><controlfield tag="002">20161230</controlfield><controlfield tag="005">20170304195536</controlfield><controlfield tag="008">060222s1000------------r-----000-0-eng-d</controlfield><datafield ind1=" " ind2=" " tag="100"><subfield code="a">Curry, Haskell B</subfield></datafield><datafield ind1=" " ind2=" " tag="245"><subfield code="a">Outlines of a formalist philosophy of mathematics</subfield></datafield><datafield ind1=" " ind2=" " tag="250"><subfield code="a">2nd Print. 1958</subfield></datafield><datafield ind1=" " ind2=" " tag="260"><subfield code="a">Amsterdam</subfield><subfield code="b">North-holland</subfield><subfield code="c">1951</subfield></datafield><datafield ind1=" " ind2=" " tag="300"><subfield code="a">VIII+75 p</subfield></datafield><datafield ind1=" " ind2=" " tag="490"><subfield code="a">Studies In Logic And The Found Of Math</subfield></datafield><datafield ind1=" " ind2=" " tag="852"><subfield code="a">51.01:517.1</subfield></datafield><datafield ind1=" " ind2=" " tag="CAT"><subfield code="a">SYS</subfield><subfield code="c">20170304</subfield><subfield code="h">195536</subfield></datafield></record></collection>